@inbook{BuhrReview,
url = {https://doi.org/10.1515/9783110671490-006},
title = {6 Localized model reduction for parameterized problems},
booktitle = {Volume 2: Snapshot-Based Methods and Algorithms},
author = {Andreas Buhr and Laura Iapichino and Mario Ohlberger and Stephan Rave and Felix Schindler and Kathrin Smetana},
editor = {Peter Benner and Stefano Grivet-Talocia and Alfio Quarteroni and Gianluigi Rozza and Wil Schilders and Lu√≠s Miguel Silveira},
publisher = {De Gruyter},
address = {Berlin, Boston},
pages = {245--306},
doi = {doi:10.1515/9783110671490-006},
isbn = {9783110671490},
year = {2021},
lastchecked = {2024-08-02}
}
